@article{Rosefeld2011,
  author    = {Meni Rosenfeld},
  title     = {Analysis of Bitcoin Pooled Mining Reward Systems},
  journal   = {CoRR},
  volume    = {abs/1112.4980},
  year      = {2011},
  url       = {http://arxiv.org/abs/1112.4980},
  timestamp = {Wed, 10 Oct 2012 21:28:45 +0200},
  biburl    = {http://dblp.uni-trier.de/rec/bib/journals/corr/abs-1112-4980},
  bibsource = {dblp computer science bibliography, http://dblp.org}
}

@misc{poolsBitcoin,
  title = {The 18 companies that control bitcoin in 2016},
  howpublished = {\url{http://www.businessinsider.com/bitcoin-pools-miners-ranked-2016-6/#6-bitclub-network--415-13}},
  note = {Accessed: 2016-10-31}
}

@Inbook{selfish,
author="Eyal, Ittay
and Sirer, Emin G{\"u}n",
editor="Christin, Nicolas
and Safavi-Naini, Reihaneh",
title="Majority Is Not Enough: Bitcoin Mining Is Vulnerable",
bookTitle="Financial Cryptography and Data Security: 18th International Conference, FC 2014, Christ Church, Barbados, March 3-7, 2014, Revised Selected Papers",
year="2014",
publisher="Springer Berlin Heidelberg",
address="Berlin, Heidelberg",
pages="436--454",
isbn="978-3-662-45472-5",
doi="10.1007/978-3-662-45472-5_28",
url="http://dx.doi.org/10.1007/978-3-662-45472-5_28"
}

@article{noblockreward,
author = {Carlsten, Miles and Kalodner, Harry and Weinberg, S. Matthew and Narayana, Arvind},
title = {On the Instability of Bitcoin Without the Block Reward},
year = {2016},
journal = {ACM CCS}
}

@article{selfminingprofits,
  author    = {Ayelet Sapirshtein and
               Yonatan Sompolinsky and
               Aviv Zohar},
  title     = {Optimal Selfish Mining Strategies in Bitcoin},
  journal   = {CoRR},
  volume    = {abs/1507.06183},
  year      = {2015},
  url       = {http://arxiv.org/abs/1507.06183},
  timestamp = {Sun, 02 Aug 2015 18:42:02 +0200},
  biburl    = {http://dblp.uni-trier.de/rec/bib/journals/corr/SapirshteinSZ15},
  bibsource = {dblp computer science bibliography, http://dblp.org}
}

@article{tim,
author = {Schrijvers, O. and Bonneau, J. and Boneh, D. and Roughgarden, T.},
title = {Incentive Compatibility of Bitcoin Mining Pool Reward},
year = {2016},
journal = {FC}
}

@article{poolanalysis,
  author    = {Meni Rosenfeld},
  title     = {Analysis of Bitcoin Pooled Mining Reward Systems},
  journal   = {CoRR},
  volume    = {abs/1112.4980},
  year      = {2011},
  url       = {http://arxiv.org/abs/1112.4980},
  timestamp = {Wed, 10 Oct 2012 21:28:45 +0200},
  biburl    = {http://dblp.uni-trier.de/rec/bib/journals/corr/abs-1112-4980},
  bibsource = {dblp computer science bibliography, http://dblp.org}
}